@article{plpconcepts,
    author  = "L. De Raedt and A. Kimmig",
    title   = "Probabilistic (Logic) Programming Concepts",
    journal = "Machine Learning",
    volume   = "100",
    number   = "1",
    pages    = "pp. 5 - 47",
    year      = "2015",
}

@article{plpinferencelearningwbf,
    author  = "D. Fierens and G. Van den Broeck and J. Renkens and D. Shterionov and B. Gutmann and I. Thon and G. Janssens and L. De Raedt",
    title   = "Inference and learning in probabilistic logic programs using weighted Boolean formulas",
    journal = "Theory and Practice of Logic Programming",
    volume   = "15",
    number   = "3",
    pages    = "pp. 358 - 401",
    year      = "2015",
}

@book{barberBRML2012,
	author = {Barber, D.},
	title= {{Bayesian Reasoning and Machine Learning}},
	publisher = {{Cambridge University Press}},
	year = 2012
}